5180000
474000
471000
463000
445000
523000
511000
459000
469000
451000
102047000
472000
473000
457000
461000
437000
468000
433000
467000
469000
105179000
408000
480000
470000
442000
454000
482000
438000
1972000
102193000
455000
447000
408000
461000
449000
457000
463000
445000
485000
101302000
446000
487000
434000
474000
461000
444000
426000
459000
428000
103835000
420000
546000
521000
457000
489000
450000
464000
445000
457000
103312000
454000
449000
521000
434000
495000
486000
453000
473000
456000
100847000
464000
461000
567000
451000
500000
524000
481000
479000
100500000
457000
482000
438000
468000
445000
477000
510000
471000
476000
104416000
446000
477000
413000
468000
443000
547000
469000
458000
492000
101234000
469000
505000
462000
1874000
509000
530000
501000
470000
551000
102136000
546000
2011000
464000
455000
498000
504000
560000
481000
399000
100880000
445000
447000
468000
471000
462000
462000
448000
521000
429000
101201000
511000
472000
491000
442000
471000
485000
481000
424000
101480000
417000
453000
1210000
534000
458000
482000
437000
392000
449000
100772000
506000
430000
504000
437000
455000
532000
474000
466000
423000
104182000
427000
448000
411000
490000
463000
771000
487000
486000
500000
105464000
457000
481000
433000
482000
516000
512000
500000
527000
742000
100610000
553000
976000
437000
502000
475000
484000
442000
495000
101332000
525000
458000
1093000
446000
457000
459000
490000
449000
498000
100633000
454000
483000
462000
441000
464000
517000
496000
491000
478000
101212000
505000
468000
452000
476000
464000
494000
450000
451000
467000
101718000
462000
456000
429000
448000
460000
526000
488000
484000
467000
104819000
418000
437000
470000
470000
492000
462000
510000
448000
452000
100527000
509000
427000
446000
417000
488000
448000
466000
459000
100639000
463000
439000
459000
460000
437000
421000
410000
454000
423000
101189000
450000
461000
442000
448000
438000
461000
469000
428000
448000
103120000
416000
466000
483000
464000
436000
484000
451000
458000
508000
105193000
451000
2305000
423000
428000
435000
462000
444000
477000
101013000
419000
451000
444000
444000
457000
456000
557000
467000
469000
101067000
437000
495000
1307000
460000
435000
469000
474000
457000
444000
100986000
524000
460000
438000
449000
395000
363000
338000
561000
493000
104159000
429000
529000
2011000
514000
518000
637000
516000
525000
404000
100825000
524000
540000
575000
506000
509000
494000
455000
427000
450000
104904000
488000
411000
466000
466000
327000
555000
500000
527000
533000
101088000
514000
533000
547000
502000
617000
512000
479000
396000
101217000
405000
562000
402000
469000
441000
509000
523000
485000
420000
101045000
584000
515000
476000
600000
518000
516000
557000
540000
544000
101181000
550000
503000
1919000
376000
493000
503000
514000
499000
540000
101275000
521000
485000
530000
505000
466000
521000
558000
467000
433000
100990000
556000
507000
570000
499000
500000
616000
524000
558000
442000
100961000
499000
489000
491000
479000
491000
611000
565000
516000
103502000
373000
374000
383000
377000
424000
465000
445000
401000
388000
100595000
474000
414000
417000
508000
436000
442000
439000
464000
429000
100717000
419000
435000
449000
427000
424000
496000
443000
429000
427000
100908000
425000
1935000
423000
424000
449000
459000
472000
425000
102764000
469000
427000
423000
402000
446000
438000
491000
478000
476000
100833000
1984000
544000
441000
426000
498000
460000
438000
471000
458000
102403000
429000
451000
449000
474000
575000
461000
433000
477000
452000
100840000
438000
430000
465000
485000
461000
455000
1971000
460000
100558000
492000
459000
478000
496000
482000
469000
466000
454000
457000
101478000
433000
451000
485000
431000
473000
494000
455000
487000
459000
105518000
462000
462000
479000
453000
472000
471000
503000
467000
462000
105621000
456000
473000
513000
506000
480000
510000
457000
474000
457000
101099000
464000
446000
467000
443000
503000
465000
1006000
430000
105281000
481000
463000
446000
458000
472000
479000
479000
507000
434000
100789000
436000
464000
451000
433000
533000
467000
500000
513000
456000
101649000
466000
444000
432000
432000
469000
462000
440000
464000
443000
101001000
439000
478000
475000
482000
464000
459000
436000
491000
427000
101401000
557000
439000
468000
457000
481000
502000
466000
466000
100642000
471000
443000
441000
509000
506000
533000
507000
494000
615000
100982000
509000
587000
496000
521000
569000
497000
548000
486000
423000
104790000
420000
578000
432000
2058000
566000
582000
588000
538000
495000
101010000
474000
592000
360000
534000
533000
495000
533000
531000
547000
102209000
568000
511000
550000
530000
533000
513000
506000
431000
518000
100634000
461000
518000
554000
476000
502000
510000
520000
617000
583000
105713000
606000
562000
497000
548000
457000
500000
482000
558000
592000
101576000
451000
2015000
475000
544000
519000
440000
524000
616000
100879000
470000
495000
521000
530000
497000
608000
525000
431000
497000
100846000
610000
357000
497000
529000
509000
507000
501000
535000
495000
104698000
425000
468000
330000
529000
376000
433000
356000
438000
467000
100781000
460000
534000
2066000
500000
498000
458000
514000
529000
510000
101183000
393000
574000
556000
548000
578000
413000
493000
501000
569000
101535000
483000
534000
511000
583000
519000
533000
491000
481000
100844000
526000
524000
493000
527000
535000
562000
593000
595000
431000
105648000
569000
526000
688000
496000
587000
463000
510000
578000
522000
101316000
531000
588000
526000
522000
557000
502000
521000
536000
328000
100549000
491000
441000
523000
461000
492000
581000
513000
467000
497000
103752000
541000
510000
522000
473000
466000
558000
2075000
507000
516000
101467000
497000
514000
531000
525000
514000
514000
565000
414000
433000
100905000
503000
545000
517000
529000
532000
521000
457000
531000
101021000
455000
516000
660000
426000
528000
515000
570000
528000
434000
100775000
440000
472000
450000
458000
410000
500000
580000
538000
531000
101511000
527000
567000
464000
454000
519000
565000
504000
581000
501000
101058000
536000
527000
507000
526000
535000
438000
480000
423000
552000
101094000
1297000
524000
520000
477000
557000
495000
577000
543000
508000
100987000
561000
532000
554000
458000
585000
386000
479000
442000
101614000
377000
450000
576000
478000
440000
476000
427000
494000
357000
100914000
431000
450000
552000
498000
516000
494000
626000
486000
734000
105060000
546000
396000
413000
327000
465000
536000
485000
598000
408000
100952000
363000
398000
489000
500000
489000
462000
484000
418000
409000
100714000
610000
497000
441000
497000
532000
430000
477000
472000
485000
101166000
492000
455000
534000
472000
510000
560000
516000
359000
502000
101077000
555000
550000
447000
496000
566000
564000
496000
536000
102317000
533000
512000
542000
474000
531000
520000
404000
2027000
493000
101058000
617000
523000
536000
549000
526000
488000
496000
508000
514000
100720000
436000
498000
424000
492000
572000
481000
471000
448000
485000
101950000
505000
502000
396000
362000
497000
525000
470000
521000
530000
101091000
502000
501000
493000
530000
564000
607000
519000
556000
432000
101231000
566000
496000
513000
578000
582000
493000
502000
576000
100793000
396000
384000
509000
534000
453000
479000
560000
514000
534000
100675000
530000
487000
573000
434000
491000
570000
504000